<?xml version="1.0" encoding="UTF-8"?>
  <record xmlns="http://www.loc.gov/MARC21/slim" type="Authority">
    <leader>00000nz  a2200000nc 4500</leader>
    <controlfield tag="001">104114630</controlfield>
    <controlfield tag="003">DE-101</controlfield>
    <controlfield tag="005">20181121091437.0</controlfield>
    <controlfield tag="008">960301n||azznnaabn           | aaa    |c</controlfield>
    <datafield tag="024" ind1="7" ind2=" ">
      <subfield code="a">104114630</subfield>
      <subfield code="0">http://d-nb.info/gnd/104114630</subfield>
      <subfield code="2">gnd</subfield>
    </datafield>
    <datafield tag="035" ind1=" " ind2=" ">
      <subfield code="a">(DE-101)104114630</subfield>
    </datafield>
    <datafield tag="035" ind1=" " ind2=" ">
      <subfield code="a">(DE-588)104114630</subfield>
    </datafield>
    <datafield tag="035" ind1=" " ind2=" ">
      <subfield code="z">(DE-588a)104114630</subfield>
      <subfield code="9">v:zg</subfield>
    </datafield>
    <datafield tag="035" ind1=" " ind2=" ">
      <subfield code="z">(DE-588c)4555046-3</subfield>
      <subfield code="9">v:zg</subfield>
    </datafield>
    <datafield tag="040" ind1=" " ind2=" ">
      <subfield code="a">DE-12</subfield>
      <subfield code="c">DE-12</subfield>
      <subfield code="9">r:DE-12</subfield>
      <subfield code="b">ger</subfield>
      <subfield code="d">5000</subfield>
    </datafield>
    <datafield tag="042" ind1=" " ind2=" ">
      <subfield code="a">gnd1</subfield>
    </datafield>
    <datafield tag="043" ind1=" " ind2=" ">
      <subfield code="c">XA-NL</subfield>
    </datafield>
    <datafield tag="065" ind1=" " ind2=" ">
      <subfield code="a">2.2p</subfield>
      <subfield code="2">sswd</subfield>
    </datafield>
    <datafield tag="065" ind1=" " ind2=" ">
      <subfield code="a">19.2p</subfield>
      <subfield code="2">sswd</subfield>
    </datafield>
    <datafield tag="065" ind1=" " ind2=" ">
      <subfield code="a">13.4p</subfield>
      <subfield code="2">sswd</subfield>
    </datafield>
    <datafield tag="075" ind1=" " ind2=" ">
      <subfield code="b">p</subfield>
      <subfield code="2">gndgen</subfield>
    </datafield>
    <datafield tag="075" ind1=" " ind2=" ">
      <subfield code="b">piz</subfield>
      <subfield code="2">gndspec</subfield>
    </datafield>
    <datafield tag="079" ind1=" " ind2=" ">
      <subfield code="a">g</subfield>
      <subfield code="q">a</subfield>
      <subfield code="q">f</subfield>
      <subfield code="q">s</subfield>
      <subfield code="u">r</subfield>
      <subfield code="u">v</subfield>
      <subfield code="u">o</subfield>
    </datafield>
    <datafield tag="100" ind1="1" ind2=" ">
      <subfield code="a">Visscher, Nicolaes</subfield>
      <subfield code="d">1618-1679</subfield>
    </datafield>
    <datafield tag="375" ind1=" " ind2=" ">
      <subfield code="a">1</subfield>
      <subfield code="2">iso5218</subfield>
    </datafield>
    <datafield tag="400" ind1="1" ind2=" ">
      <subfield code="a">Visscher, Nicolaus</subfield>
      <subfield code="d">1618-1679</subfield>
    </datafield>
    <datafield tag="400" ind1="1" ind2=" ">
      <subfield code="a">Visscher, Nicolas</subfield>
      <subfield code="d">1618-1679</subfield>
      <subfield code="9">v:Getty-Ulan</subfield>
    </datafield>
    <datafield tag="400" ind1="1" ind2=" ">
      <subfield code="a">Visscher, Nicolaas</subfield>
      <subfield code="d">1618-1679</subfield>
    </datafield>
    <datafield tag="400" ind1="1" ind2=" ">
      <subfield code="a">Visscher, Claes Claesz</subfield>
      <subfield code="b">I.</subfield>
      <subfield code="d">1618-1679</subfield>
      <subfield code="9">v:Hollstein Dutch and Flemish</subfield>
    </datafield>
    <datafield tag="400" ind1="1" ind2=" ">
      <subfield code="a">Visscher, Claes Jansz</subfield>
      <subfield code="c">de Jonge</subfield>
      <subfield code="d">1618-1679</subfield>
      <subfield code="9">v:Hollstein Dutch and Flemish</subfield>
    </datafield>
    <datafield tag="400" ind1="1" ind2=" ">
      <subfield code="a">Visscher, Nicolaes</subfield>
      <subfield code="b">I.</subfield>
      <subfield code="d">1618-1679</subfield>
      <subfield code="9">v:Hollstein Dutch and Flemish, Lex. Gesch. Kart., RKD artists, Wikipedia</subfield>
    </datafield>
    <datafield tag="400" ind1="1" ind2=" ">
      <subfield code="a">Piscator, Nicolaes</subfield>
      <subfield code="b">I.</subfield>
      <subfield code="d">1618-1679</subfield>
      <subfield code="9">v:Hollstein Dutch and Flemish</subfield>
    </datafield>
    <datafield tag="400" ind1="1" ind2=" ">
      <subfield code="a">Vischer, Nicolaes</subfield>
      <subfield code="d">1618-1679</subfield>
    </datafield>
    <datafield tag="400" ind1="1" ind2=" ">
      <subfield code="a">Vischer, Nicolaus</subfield>
      <subfield code="d">1618-1679</subfield>
    </datafield>
    <datafield tag="400" ind1="1" ind2=" ">
      <subfield code="a">Vischer, Nicolas</subfield>
      <subfield code="d">1618-1679</subfield>
    </datafield>
    <datafield tag="400" ind1="1" ind2=" ">
      <subfield code="a">Vischer, Nicolaas</subfield>
      <subfield code="d">1618-1679</subfield>
    </datafield>
    <datafield tag="400" ind1="1" ind2=" ">
      <subfield code="a">Visscherus, Nicolaus</subfield>
      <subfield code="d">1618-1679</subfield>
    </datafield>
    <datafield tag="400" ind1="1" ind2=" ">
      <subfield code="a">Piscator, Nicolaes</subfield>
      <subfield code="d">1618-1679</subfield>
    </datafield>
    <datafield tag="400" ind1="1" ind2=" ">
      <subfield code="a">Piscator, Nicolaus</subfield>
      <subfield code="d">1618-1679</subfield>
    </datafield>
    <datafield tag="400" ind1="1" ind2=" ">
      <subfield code="a">Piscator, Nicolas</subfield>
      <subfield code="d">1618-1679</subfield>
    </datafield>
    <datafield tag="400" ind1="1" ind2=" ">
      <subfield code="a">Piscator, Nicolaus Joh.</subfield>
      <subfield code="d">1618-1679</subfield>
    </datafield>
    <datafield tag="400" ind1="1" ind2=" ">
      <subfield code="a">Piscator, Nicolaas</subfield>
      <subfield code="d">1618-1679</subfield>
    </datafield>
    <datafield tag="400" ind1="1" ind2=" ">
      <subfield code="a">Visscher, Claes Claesz.</subfield>
      <subfield code="d">1618-1679</subfield>
    </datafield>
    <datafield tag="400" ind1="1" ind2=" ">
      <subfield code="a">Visscher, Claes Claeszoon</subfield>
      <subfield code="d">1618-1679</subfield>
    </datafield>
    <datafield tag="400" ind1="1" ind2=" ">
      <subfield code="a">Visscher, Claes Jansz.</subfield>
      <subfield code="d">1618-1679</subfield>
    </datafield>
    <datafield tag="400" ind1="1" ind2=" ">
      <subfield code="a">Visscher, Claes Janszoon</subfield>
      <subfield code="d">1618-1679</subfield>
    </datafield>
    <datafield tag="400" ind1="1" ind2=" ">
      <subfield code="a">Visscher, Nicolaes Jansz.</subfield>
      <subfield code="d">1618-1679</subfield>
    </datafield>
    <datafield tag="400" ind1="1" ind2=" ">
      <subfield code="a">Visscher, Nicolaes Janszoon</subfield>
      <subfield code="d">1618-1679</subfield>
    </datafield>
    <datafield tag="500" ind1="1" ind2=" ">
      <subfield code="0">(DE-101)104114614</subfield>
      <subfield code="0">(DE-588)104114614</subfield>
      <subfield code="0">https://d-nb.info/gnd/104114614</subfield>
      <subfield code="a">Visscher, Claes Jansz.</subfield>
      <subfield code="d">1587-1652</subfield>
      <subfield code="4">bezf</subfield>
      <subfield code="4">https://d-nb.info/standards/elementset/gnd#familialRelationship</subfield>
      <subfield code="w">r</subfield>
      <subfield code="i">Beziehung familiaer</subfield>
      <subfield code="e">Beziehung familiaer</subfield>
      <subfield code="9">v:Vater</subfield>
    </datafield>
    <datafield tag="500" ind1="1" ind2=" ">
      <subfield code="0">(DE-101)104114649</subfield>
      <subfield code="0">(DE-588)104114649</subfield>
      <subfield code="0">https://d-nb.info/gnd/104114649</subfield>
      <subfield code="a">Visscher, Nicolaes</subfield>
      <subfield code="d">1649-1702</subfield>
      <subfield code="4">bezf</subfield>
      <subfield code="4">https://d-nb.info/standards/elementset/gnd#familialRelationship</subfield>
      <subfield code="w">r</subfield>
      <subfield code="i">Beziehung familiaer</subfield>
      <subfield code="e">Beziehung familiaer</subfield>
      <subfield code="9">v:Sohn</subfield>
    </datafield>
    <datafield tag="548" ind1=" " ind2=" ">
      <subfield code="a">1618-1679</subfield>
      <subfield code="4">datl</subfield>
      <subfield code="4">https://d-nb.info/standards/elementset/gnd#dateOfBirthAndDeath</subfield>
      <subfield code="w">r</subfield>
      <subfield code="i">Lebensdaten</subfield>
      <subfield code="9">v:abweichendes Todesjahr laut Thieme-Becker, Getty-Ulan, RKD artists: 1709</subfield>
    </datafield>
    <datafield tag="548" ind1=" " ind2=" ">
      <subfield code="a">25.01.1618-11.09.1679</subfield>
      <subfield code="4">datx</subfield>
      <subfield code="4">https://d-nb.info/standards/elementset/gnd#dateOfBirthAndDeath</subfield>
      <subfield code="w">r</subfield>
      <subfield code="i">Exakte Lebensdaten</subfield>
      <subfield code="9">v:Todesdatum: vor 11.09.1679; abweichendes Todesdatum laut Thieme-Becker, RKD artists: 09.12.1709</subfield>
    </datafield>
    <datafield tag="550" ind1=" " ind2=" ">
      <subfield code="0">(DE-101)041383435</subfield>
      <subfield code="0">(DE-588)4138343-6</subfield>
      <subfield code="0">https://d-nb.info/gnd/4138343-6</subfield>
      <subfield code="a">Verleger</subfield>
      <subfield code="4">berc</subfield>
      <subfield code="4">https://d-nb.info/standards/elementset/gnd#professionOrOccupation</subfield>
      <subfield code="w">r</subfield>
      <subfield code="i">Charakteristischer Beruf</subfield>
    </datafield>
    <datafield tag="550" ind1=" " ind2=" ">
      <subfield code="0">(DE-101)040130916</subfield>
      <subfield code="0">(DE-588)4013091-5</subfield>
      <subfield code="0">https://d-nb.info/gnd/4013091-5</subfield>
      <subfield code="a">Drucker</subfield>
      <subfield code="4">beru</subfield>
      <subfield code="4">https://d-nb.info/standards/elementset/gnd#professionOrOccupation</subfield>
      <subfield code="w">r</subfield>
      <subfield code="i">Beruf</subfield>
    </datafield>
    <datafield tag="550" ind1=" " ind2=" ">
      <subfield code="0">(DE-101)040298205</subfield>
      <subfield code="0">(DE-588)4029820-6</subfield>
      <subfield code="0">https://d-nb.info/gnd/4029820-6</subfield>
      <subfield code="a">Kartograf</subfield>
      <subfield code="4">beru</subfield>
      <subfield code="4">https://d-nb.info/standards/elementset/gnd#professionOrOccupation</subfield>
      <subfield code="w">r</subfield>
      <subfield code="i">Beruf</subfield>
    </datafield>
    <datafield tag="550" ind1=" " ind2=" ">
      <subfield code="0">(DE-101)042003458</subfield>
      <subfield code="0">(DE-588)4200345-3</subfield>
      <subfield code="0">https://d-nb.info/gnd/4200345-3</subfield>
      <subfield code="a">Zeichner</subfield>
      <subfield code="4">beru</subfield>
      <subfield code="4">https://d-nb.info/standards/elementset/gnd#professionOrOccupation</subfield>
      <subfield code="w">r</subfield>
      <subfield code="i">Beruf</subfield>
    </datafield>
    <datafield tag="551" ind1=" " ind2=" ">
      <subfield code="0">(DE-101)040017834</subfield>
      <subfield code="0">(DE-588)4001783-7</subfield>
      <subfield code="0">https://d-nb.info/gnd/4001783-7</subfield>
      <subfield code="a">Amsterdam</subfield>
      <subfield code="4">ortg</subfield>
      <subfield code="4">https://d-nb.info/standards/elementset/gnd#placeOfBirth</subfield>
      <subfield code="w">r</subfield>
      <subfield code="i">Geburtsort</subfield>
    </datafield>
    <datafield tag="551" ind1=" " ind2=" ">
      <subfield code="0">(DE-101)040017834</subfield>
      <subfield code="0">(DE-588)4001783-7</subfield>
      <subfield code="0">https://d-nb.info/gnd/4001783-7</subfield>
      <subfield code="a">Amsterdam</subfield>
      <subfield code="4">orts</subfield>
      <subfield code="4">https://d-nb.info/standards/elementset/gnd#placeOfDeath</subfield>
      <subfield code="w">r</subfield>
      <subfield code="i">Sterbeort</subfield>
    </datafield>
    <datafield tag="667" ind1=" " ind2=" ">
      <subfield code="a">VD-17</subfield>
    </datafield>
    <datafield tag="670" ind1=" " ind2=" ">
      <subfield code="a">BSB-Altkarten</subfield>
    </datafield>
    <datafield tag="670" ind1=" " ind2=" ">
      <subfield code="a">Thieme-Becker</subfield>
      <subfield code="b">unter Visscher (Piscator), Claes Jansz. (Nicolas Joannis)</subfield>
    </datafield>
    <datafield tag="670" ind1=" " ind2=" ">
      <subfield code="a">LCAuth</subfield>
    </datafield>
    <datafield tag="670" ind1=" " ind2=" ">
      <subfield code="a">Hollstein Dutch and Flemish</subfield>
      <subfield code="b">Band 38, Seite 253</subfield>
    </datafield>
    <datafield tag="670" ind1=" " ind2=" ">
      <subfield code="a">Lex. Gesch. Kart.</subfield>
      <subfield code="b">unter Visscher (Familie)</subfield>
    </datafield>
    <datafield tag="670" ind1=" " ind2=" ">
      <subfield code="a">Getty-Ulan</subfield>
      <subfield code="b">Stand: 30.04.2018</subfield>
      <subfield code="u">http://vocab.getty.edu/page/ulan/500105321</subfield>
    </datafield>
    <datafield tag="670" ind1=" " ind2=" ">
      <subfield code="a">RKD artists</subfield>
      <subfield code="b">Stand: 30.04.2018</subfield>
      <subfield code="u">https://rkd.nl/explore/artists/81254</subfield>
    </datafield>
    <datafield tag="670" ind1=" " ind2=" ">
      <subfield code="a">Wikipedia</subfield>
      <subfield code="b">Stand: 30.04.2018</subfield>
      <subfield code="u">https://de.wikipedia.org/wiki/Nicolaes_Visscher_I</subfield>
    </datafield>
    <datafield tag="670" ind1=" " ind2=" ">
      <subfield code="a">Wikipedia</subfield>
      <subfield code="b">Stand: 30.04.2018</subfield>
      <subfield code="u">https://nl.wikipedia.org/wiki/Visscher</subfield>
    </datafield>
    <datafield tag="670" ind1=" " ind2=" ">
      <subfield code="a">Eeghen, Isabella Henriette van: De familie van de plaatsnijder Claes Jansz Visscher. - In: Amstelodamum 77 (1990), Seite 73-82, hier Seite 82</subfield>
    </datafield>
    <datafield tag="678" ind1=" " ind2=" ">
      <subfield code="b">laut Hollstein Dutch and Flemish: "Member of the Guild of booksellers in Amsterdam from 1664. Pupil of his father Claes Jansz Visscher. Father of Claes Claesz Visscher II [Nicolaes II]. Received a general privilege of the States General in 1677."</subfield>
    </datafield>
    <datafield tag="913" ind1=" " ind2=" ">
      <subfield code="S">pnd</subfield>
      <subfield code="i">a</subfield>
      <subfield code="a">Visscher, Nicolaes (Kartograph, 1618-1679)</subfield>
      <subfield code="0">(DE-588a)104114630</subfield>
    </datafield>
  </record>
